@misc{pratt_2022, title={How big data collection works: Process, challenges, techniques}, url={https://www.techtarget.com/searchdatamanagement/feature/Big-data-collection-processes-challenges-and-best-practices}, journal={SearchDataManagement}, publisher={TechTarget}, author={Pratt, Mary K}, year={2022} }